%% This BibTeX bibliography file was created using BibDesk.
%% http://bibdesk.sourceforge.net/

%% Saved with string encoding Unicode (UTF-8) 

@book{book01,
  title = {Nuclear Heat Transport},
  author = {M. M. El-Wakil},
  publisher = {American Nuclear Society},
  year = {1993}
}

%@article{leinweber2012thermal,
%  title={Thermal Total Cross Sections of Europium from Neutron Capture and Transmission Measurements},
%  author={Leinweber, G and Barry, DP and Block, RC and Rapp, MJ and Hoole, JG and Danon, Y and Bahran, RM and Williams, DG and Geuther, JA and Saglime III, FJ},
%  journal={Transactions of the American Nuclear Society},
%  volume={107},
%  pages={1007},
%  year={2012}
%}

@article{nasaair10atm,
  title={Thermodynamic and transport properties of air and the combustion products of natural gas and of {ASTM-A-1} fuel with air},
  author={Poferl, David J. and Suehla, Roger A. and Lewandowski, Kenneth},
  journal={{NASA} Technical Note},
  volume={{NASA TN D-5452}},
  year={1969}
}



