%% This BibTeX bibliography file was created using BibDesk.
%% http://bibdesk.sourceforge.net/

%% Saved with string encoding Unicode (UTF-8) 

@book{book01,
  title = {Nuclear Heat Transport},
  author = {M. M. El-Wakil},
  publisher = {American Nuclear Society},
  year = {1993}
}
