%% This BibTeX bibliography file was created using BibDesk.
%% http://bibdesk.sourceforge.net/

%% Saved with string encoding Unicode (UTF-8) 

@misc{reactor01,
  title = {{USGS} Reactor Lab: Radioiostope identification},
  author = {\vspace{0mm}T. Debey},
  howpublished = {Handouts},
  note = {Accessed: 2016-09-14}
}

@misc{iaea_nds,
  title = {{ENSDF} database maintained by the {International Nuclear Structure and Decay Data Network}},
  author = {{Nuclear Data Services -- IAEA}},
  howpublished = {\url{https://www-nds.iaea.org/relnsd/NdsEnsdf/QueryForm.html}},
  note = {Accessed: 2016-09-15}
}

@article{imel95,
	Author = {G. R. Imel and P.R. Hart},
	Journal = {Nuclear Instruments and Methods in Physics Research},
	Number = {3 -- 4},
	Pages = {325-336},
	Title = {The performance of hafnium and gadolinium self powered neutron detectors in the {TREAT} reactor},
	Volume = {111},
	Year = {1995}}	
