%% This BibTeX bibliography file was created using BibDesk.
%% http://bibdesk.sourceforge.net/


%% Created for José R. Celaya  at 2012-01-19 16:34:22 -0800 


%% Saved with string encoding Unicode (UTF-8) 

@article{venneri2015feasibility,
  title={A feasibility study on low-enriched uranium fuel for nuclear thermal rockets--I: Reactivity potential},
  author={Venneri, Paolo F and Kim, Yonghee},
  journal={Progress in Nuclear Energy},
  volume={83},
  pages={406--418},
  year={2015},
  publisher={Elsevier}
}

@inproceedings{patel2016comparing,
  title={Comparing Low Enriched Fuel to Highly Enriched Fuel for use in Nuclear Thermal Propulsion Systems},
  author={Patel, Vishal and Eades, Michael J and Venneri, Paolo F and Joyner II, Claude R},
  booktitle={52nd AIAA/SAE/ASEE Joint Propulsion Conference},
  pages={4887},
  year={2016}
}

@article{postoncermet,
  title={Reactor Design Comparison of 25-klb Composite and Cermet Fueled NTRs},
  author={Poston, D.},
  journal={Nuclear and Emerging Technologies for Space},
  year={2015}
}


@inproceedings{venneridesign,
  title={Design of a tungsten cermet LEU-NTR},
  author={Venneri, P. and Deason, W. and Husemeyer, P. and Rosaire, C.G. and Howe, S. and Kim, Y. and O{'}brien, R.},
  journal={Nuclear and Emerging Technologies for Space},
  year={2014}
}


@article{ii2016engine,
  title={Engine Design Attributes Relative to HEU and LEU Core Approaches for a Small Thrust NTP},
  author={II, Claude Russell Joyner and Levack, Daniel JH and Jennings, Ty and Guley, Marc and Eades, Micheal and Patel, Vishal},
  year={2016}
}

@article{taub1975review,
  title={A review of fuel element development for nuclear rocket engines},
  author={Taub, JM},
  journal={Los Alamos National Lab., Rept. LA-5931, Los Alamos, NM},
  year={1975}
}

@techreport{lyon1973performance,
  title={Performance of (U, Zr) C-Graphite (Composite) and of (U, Zr) C (Carbide) Fuel Elements in the Nuclear Furnace 1 Test Reactor},
  author={Lyon, Luther L},
  year={1973},
  institution={Los Alamos Scientific Lab., N. Mex.(USA)}
}

@inproceedings{stewart2013comparison,
  title={A Comparison of Materials Issues for Cermet and Graphite-Based NTP Fuels},
  author={Stewart, MEM and Schnitzler, Bruce G},
  booktitle={49th AIAA Joint Propulsion Conference, AIAA 2013},
  volume={3999},
  year={2013}
}

@article{houts2017low,
  title={Low-Enriched Uranium Nuclear Thermal Propulsion Systems},
  author={Houts, Michael G and Mitchell, Doyce P and Aschenbrenner, Ken},
  year={2017}
}

@inproceedings{qualls2017steps,
  title={Steps in the development of nuclear thermal propulsion fuels},
  author={Qualls, A Lou and Werner, Jim},
  booktitle={Aerospace Conference, 2017 IEEE},
  pages={1--6},
  year={2017},
  organization={IEEE}
}

@article{houts2014safe,
  title={Safe, Affordable, Nuclear Thermal Propulsion Systems},
  author={Houts, Michael G and Kim, Tony and Emrich, William J and Hickman, Robert R and Broadway, Jeramie W and Gerrish, Harold P and Doughty, Glen E},
  year={2014}
}

@article{venneri2013nuclear,
  title={Nuclear thermal rocket design using LEU tungsten fuel},
  author={Venneri, Paolo and Kim, Yonghee and Husemeyer, Peter and others},
  year={2013}
}

@article{lee2015neutronic,
  title={A neutronic feasibility study on a small LEU fueled reactor for space applications},
  author={Lee, Hyun Chul and Lim, Hong Sik and Han, Tae Young and {\v{C}}erba, {\v{S}}tefan},
  journal={Annals of Nuclear Energy},
  volume={77},
  pages={35--46},
  year={2015},
  publisher={Elsevier}
}

@article{nam2016preliminary,
  title={Preliminary conceptual design of a new moderated reactor utilizing an LEU fuel for space nuclear thermal propulsion},
  author={Nam, Seung Hyun and Venneri, Paolo and Kim, YongHee and Chang, Soon Heung and Jeong, Yong Hoon},
  journal={Progress in Nuclear Energy},
  volume={91},
  pages={183--207},
  year={2016},
  publisher={Elsevier}
}

@article{craft2011reactivity,
  title={Reactivity control schemes for fast spectrum space nuclear reactors},
  author={Craft, Aaron E and King, Jeffrey C},
  journal={Nuclear Engineering and Design},
  volume={241},
  number={5},
  pages={1516--1528},
  year={2011},
  publisher={Elsevier}
}

@techreport{dean1985heat,
  title={Heat Pipe Space Nuclear Reactor Design Assessment. Volume 1. Design Status of the SP-100 Heat Pipe Space Nuclear Reactor System},
  author={Dean, VF and El-Genk, MS and Louie, DL and Woodall, DM},
  year={1985},
  institution={NEW MEXICO UNIV ALBUQUERQUE DEPT OF CHEMICAL AND NUCLEAR ENGINEERING}
}

@techreport{powell1985high,
  title={High power density reactors based on direct cooled particle beds},
  author={Powell, James R and Horn, FL},
  year={1985},
  institution={Brookhaven National Lab., Upton, NY (USA)}
}

@techreport{reid1999heat,
  title={Heat Pipe Development for Advanced Energy Transport Concepts, Phase II----Final Report Covering the Period October 1, 1997, to September 30, 1998, Los Alamos National Laboratory},
  author={Reid, RS and Sena, JT and Merrigan, MA and Elder, MG and Martinez, AL},
  year={1999},
  institution={Progress Report LA-13549-PR}
}


@article{ludewig1974feasibility,
  title={Feasibility of rotating fluidized bed reactor for rocket propulsion},
  author={Ludewig, Hans and Manning, A James and Raseman, Chad J},
  journal={J. Spacecraft},
  volume={11},
  pages={65--71},
  year={1974}
}


@article{hatch1960fluidized,
  title={Fluidized bed for rocket propulsion},
  author={Hatch, LP and Regan, WH and Powell, JR},
  journal={Nucleonics (US) Ceased publication},
  volume={18},
  year={1960},
  publisher={Brookhaven National Lab., Upton, NY}
}

@techreport{doe0071,
  title={Nuclear Power in Space, {DOE/NE-0071}},
  year={1990},
  institution={Department of Energy, Office of Nuclear Energy, Science and Technology}
} 

@article{engler1987atomic,
  title={Atomic Power in Space: A History},
  author={Engler, Richard E},
  journal={US Department of Energy Report DEAC01-NE32117},
  year={1987}
}

@article{voss1984snap,
  title={Snap reactor overview},
  author={Voss, Susan S},
  journal={Air Force Weapons Laboratory, Kirtland Air Force Base, New Mexico},
  pages={103},
  year={1984}
}

@article{daye1967snap,
  title={SNAP-8 performance study - Final report},
  author={Daye, C.J.},
  year={1967}
}

@article{ledbetter1969nerva,
  title={NERVA-Contributing Today and Tomorrow},
  author={Ledbetter, DL and Eaton, DC and Habas, LA},
  year={1969}
}


@misc{presrovernerva,
  title = {{Rover/NERVA-Derived Near-Term Nuclear Propulsion - FY92}},
  howpublished = {\url{http://www.alternatewars.com/BBOW/Space_Engines/1992_NERVA_Derived_Engines.pdf}},
  note = {Accessed: 2017-11-17}
}

@article{house1964development,
  title={The Development of Nuclear Rocket Propulsion in the United States},
  author={House, William C},
  journal={Journal of the British Interplanetary Society},
  volume={19},
  pages={306--318},
  year={1964}
}


@book{dewar2004end,
  title={To the end of the Solar System: the story of the nuclear rocket},
  author={Dewar, James A},
  year={2004},
  publisher={University Press of Kentucky}
}


@article{el1992decay,
  title={Decay heat removal by natural circulation in a 550-kW (electric) SP-100 power system for a lunar outpost},
  author={El-Genk, Mohamed S and Xue, Huimin},
  journal={Nuclear technology},
  volume={100},
  number={3},
  pages={271--286},
  year={1992},
  publisher={Taylor \& Francis}
}


@article{demuth2003sp100,
  title={SP100 space reactor design},
  author={Demuth, Scott F},
  journal={Progress in Nuclear Energy},
  volume={42},
  number={3},
  pages={323--359},
  year={2003},
  publisher={Elsevier}
}


@techreport{anderson1983power,
  title={Power plant system assessment. Final report. SP-100 Program},
  author={Anderson, RV and Atkins, DF and Bost, DS and Berman, B and Clinger, DA and Determan, WR and Drucker, GS and Glasgow, LE and Hartung, JA and Harty, RB},
  year={1983},
  institution={Rockwell International Corp., Canoga Park, CA (USA). Energy Systems Group}
}


@article{borgesprimary,
  title={Primary loop simulation of the SP-100 space nuclear reactor},
  author={Borges, Eduardo M and Braz Filho, Francisco A and Guimar{\~a}es, Lamartine NF}
}


@techreport{ohlenkamp1966snap,
  title={SNAP 10A COMPONENT QUALIFICATION PROGRAM FINAL REPORT},
  author={Ohlenkamp, RM and Wade, BR and Sexton, IB},
  year={1966},
  institution={Atomics International, Canoga Park, Calif.}
}



@misc{webworldnuclear,
  title = {Nuclear Reactors and Radioisotopes for Space},
  howpublished = {\url{http://www.world-nuclear.org/information-library/non-power-nuclear-applications/transport/nuclear-reactors-for-space.aspx}},
  note = {Accessed: 2017-11-17}
}

@techreport{lords1994snap,
  title={SNAP and AI Fuel Summary Report},
  author={Lords, RE},
  year={1994},
  institution={Westinghouse Idaho Nuclear Co., Inc., Idaho Falls, ID (United States)}
}

@techreport{beall1962final,
  title={The Final Report on the SNAP 2 Experimental Reactor (SER) Operation and Test Program},
  author={Beall, JP and Hulin, MW},
  year={1962},
  institution={Atomics International, Canoga Park, Calif.}
}


@misc{websnap,
  title = {{SNAP Overview}},
  howpublished = {\url{https://www.etec.energy.gov/Operations/Major_Operations/SNAP_Overview.html}},
  note = {Accessed: 2017-11-17}
}



@inproceedings{el2005score,
  title={SCoRe—Concepts of Liquid Metal Cooled Space Reactors for Avoidance of Single-Point Failure},
  author={El-Genk, Mohamed and Hatton, Steven and Fox, Charles and Tournier, Jean-Michel},
  booktitle={AIP Conference Proceedings},
  volume={746},
  number={1},
  pages={473--484},
  year={2005},
  organization={AIP}
}

@inproceedings{el2002performance,
  title={A performance comparison of SiGe and skutterudite based segmented thermoelectric devices},
  author={El-Genk, Mohamed S and Saber, Hamed H and Caillat, Thierry},
  booktitle={AIP conference proceedings},
  volume={608},
  number={1},
  pages={1007--1015},
  year={2002},
  organization={AIP}
}

@article{fraas1966comparison,
  title={Comparison of 1-, 2-and 3-Loop Systems for Nuclear Turbine-Generator Space Power Plants of 300 kW to 5 MW of Electrical Output},
  author={Fraas, AP and Michel, JW},
  journal={Oak Ridge National Laboratory report ORNL-TM-1366},
  year={1966}
}

@inproceedings{wright2003pin,
  title={Pin-Type Gas Cooled Reactor for Nuclear Electric Propulsion},
  author={Wright, Steven A and Lipinski, Ronald J},
  booktitle={AIP Conference Proceedings},
  volume={654},
  number={1},
  pages={408--419},
  year={2003},
  organization={AIP}
}


@article{taylor2005prometheus,
  title={Prometheus Project final report},
  author={Taylor, Randall},
  year={2005}
}

@article{edwards2012overview,
  title={An Overview of the Jupiter Icy Moons Orbiter (JIMO) Mission, Environments, and Materials Challenges},
  author={Edwards, Dave},
  year={2012}
}

@techreport{wollman2006prometheus,
  title={Prometheus Project Reactor Module Final Report. Knolls Atomic Power Laboratory and Bettis Atomic Power Laboratory},
  author={Wollman, MJ and Zika, MJ},
  year={2006},
  institution={SPP-67110--0008}
}




@inproceedings{poston2002design,
  title={Design and analysis of the SAFE-400 space fission reactor},
  author={Poston, David I and Kapernick, Richard J and Guffee, Ray M},
  booktitle={AIP Conference Proceedings},
  volume={608},
  number={1},
  pages={578--588},
  year={2002},
  organization={AIP}
}


@techreport{dochat1992free,
  title={Free-piston Stirling component test power converter test results and potential Stirling applications},
  author={Dochat, GR},
  year={1992},
  institution={SAE Technical Paper}
}





@inproceedings{weitzberg2003liquid,
  title={Liquid metal cooled reactor for space power},
  author={Weitzberg, Abraham},
  booktitle={AIP Conference Proceedings},
  volume={654},
  number={1},
  pages={420--428},
  year={2003},
  organization={AIP}
}


@article{king2009thermal,
  title={Thermal-hydraulic and neutronic analyses of the submersion-subcritical, safe space (S 4) reactor},
  author={King, Jeffrey C and El-Genk, Mohamed S},
  journal={Nuclear Engineering and Design},
  volume={239},
  number={12},
  pages={2809--2819},
  year={2009},
  publisher={Elsevier}
}

@inproceedings{king2006solid,
  title={Solid-Core, Gas-Cooled Reactor for Space and Surface Power},
  author={King, Jeffrey C and El-Genk, Mohamed S},
  booktitle={AIP Conference Proceedings},
  volume={813},
  number={1},
  pages={298--307},
  year={2006},
  organization={AIP}
}

@techreport{haslett1995space,
  title={Space Nuclear Thermal Propulsion Program.},
  author={Haslett, RA},
  year={1995},
  institution={GRUMMAN AEROSPACE CORP BETHPAGE NY}
}

@inproceedings{houts1997heatpipe,
  title={Heatpipe power system and heatpipe bimodal system design and development options},
  author={Houts, Michael G and Poston, David I and Emrich Jr, William J},
  booktitle={AIP Conference Proceedings},
  volume={387},
  number={1},
  pages={1317--1322},
  year={1997},
  organization={AIP}
}


@inproceedings{poston2001heatpipe,
  title={The heatpipe-operated Mars exploration reactor (HOMER)},
  author={Poston, David I},
  booktitle={AIP Conference Proceedings},
  volume={552},
  number={1},
  pages={797--804},
  year={2001},
  organization={AIP}
}


@book{board2006priorities,
  title={Priorities in Space Science Enabled by Nuclear Power and Propulsion},
  author={Board, Space Studies and National Research Council and others},
  year={2006},
  publisher={National Academies Press}
}


@article{ludewig1996design,
  title={Design of particle bed reactors for the space nuclear thermal propulsion program},
  author={Ludewig, H and Powell, JR and Todosow, M and Maise, G and Barletta, R and Schweitzer, DG},
  journal={Progress in Nuclear Energy},
  volume={30},
  number={1},
  pages={1--65},
  year={1996},
  publisher={Elsevier}
}

@article{matthews1993fuels,
  title={Fuels for space nuclear power and propulsion},
  author={Matthews, RB and Chidester, KM},
  journal={Transactions of the American Nuclear Society;(United States)},
  volume={68},
  number={CONF-930601--},
  year={1993}
}

@techreport{bhattacharyya1993space,
  title={Space exploration initiative fuels, materials and related nuclear propulsion technologies panel. Final report},
  author={Bhattacharyya, SK and Olsen, C and Cooper, R and Matthews, RB and Walter, C and Titran, RJ},
  year={1993},
  institution={National Aeronautics and Space Administration, Cleveland, OH (United States). Lewis Research Center}
}

