%% This BibTeX bibliography file was created using BibDesk.
%% http://bibdesk.sourceforge.net/

%% Saved with string encoding Unicode (UTF-8) 

@misc{reactor01,
  title = {{USGS} Reactor Lab: Pulsing the reactor},
  author = {\vspace{0mm}T. Debey},
  howpublished = {Handouts},
  note = {Accessed: 2016-10-12}
}

@misc{lher01,
  title = {Control Rod Calibration - Calibration of the transient rod},
  author = {\vspace{0mm}G. L'Her},
  howpublished = {Report},
  note = {Accessed: 2016-10-05}
}
