%% This BibTeX bibliography file was created using BibDesk.
%% http://bibdesk.sourceforge.net/

%% Saved with string encoding Unicode (UTF-8) 

@book{fermi1,
	Author = {American Nuclear Society},
	Publisher = {American Nuclear Society},
	Title = {Fermi-I: New Age for Nuclear Power},
	Year = {1979}}

@book{hunt01,
	Author = {Tom Clancy},
	Title = {The Hunt for Red October},
	Year = {1984}}

@article{mschenaud01,
	Author = {M.-S. Chenaud and others},
	Journal = {Nuclear Engineering And Technology},
	Number = {6},
	Pages = {},
	Title = {Status Of The Astrid Core At The End Of The Pre-Conceptual Design Phase 1},
	Volume = {45},
	Year = {2013}}	

@article{ashley01,
	Author = {Ashley, R.L. and others},
	Journal = {Atomics International},
	Number = {},
	Pages = {},
	Title = {{SRE} Fuel Element Damage - Final Report},
	Volume = {},
	Year = {1961}}

@misc{pris01,
  title = {Power Reactor Information System - SuperPhenix},
  author = {IAEA},
  howpublished = {\url{https://www.iaea.org/PRIS/CountryStatistics/ReactorDetails.aspx?current=178}},
  note = {Accessed: 2016-09-02}
}

@book{verdier2005,
  title={{\'E}valuation de la sous-criticit{\'e} lors des op{\'e}rations de chargement d'un r{\'e}acteur nucl{\'e}aire REP},
  author={Verdier, A.},
  year={2005}
}

@article{nrc200201,
	Author = {William D. Beckner},
	Journal = {{NRC} Bulletin},
	Number = {},
	Pages = {},
	Title = {Reactor Pressure Vessel Head Degradation And Reactor Coolant Pressure Boundary Integrity},
	Volume = {},
	Year = {2002}}
	
@article{garcier01,
	Author = {Romain J. Garcier and Yves-Fran√ßois Le Lay},
	Journal = {EspacesTemps.net},
	Number = {},
	Pages = {},
	Title = {D{\'e}construire Superph{\'e}nix.},
	Volume = {},
	Year = {2015}}
	
@article{iaea01,
	Author = {\vspace{0mm}IAEA},
	Journal = {Department of Nuclear Energy, Division of Nuclear Power, Nuclear Power Technology Development Section},
	Number = {},
	Pages = {},
	Title = {STATUS OF INNOVATIVE FAST REACTOR DESIGNS AND CONCEPTS: A Supplement to the {IAEA} Advanced Reactors Information System ({ARIS})},
	Volume = {},
	Year = {2013}}
	
@article{liu2013,
author = {Liu, Hu-Chen and Liu, Long and Liu, Nan},
journal = {Expert Systems With Applications},
pages = {828--838},
title = {Risk evaluation approaches in failure mode and effects analysis: A literature review},
volume = {40},
year = {2013}
}

@article{bowles1995,
author = {Bowles, J. B. and Pelaez, C. E.},
journal = {Reliability Engineering and System Safety},
pages = {203--213},
title = {Fuzzy logic prioritization of failures in a system failure mode, effects and criticality analysis.},
volume = {50},
year = {1995}
}

@article{garcia2013,
author = {Adriano De Almada Garcia, Pauli and Curty, Ilton and Junior, Leal and Oliveira, Murilo Alvarenga},
number = {3},
journal = {Producao},
pages = {500--507},
title = {A weight restricted DEA model for FMEA risk prioritization},
volume = {23},
year = {2013}
}

@article{stone,
author = {Stone, Robert B and Wood, Kristin L},
journal = {Journal of Mechanical Design},
volume = {122},
pages = {359--370},
year = {2000},
title = {{Development of a Functional Basis for Design}}
}

@article{stone2005,
author = {Stone, Robert B and Tumer, Irem Y and Wie, Michael Van},
doi = {10.1115/1.1862678},
journal = {Journal of Mechanical Design },
title = {{FFDM: The function failure design method }},
year = {2005}
}

@article{kurtoglu2007,
author = {Kurtoglu, Tolga and Tumer, Irem Y},
journal = {International conference on Engineering Design  },
title = {{FFIP: A framework for early assessment of functional failure  in complex systems }},
year = {2007}
}


@article{vanbossuyt2014,
author = {{Van Bossuyt}, Douglas and Ramp, Isaac},
journal = {ASME},
title = {{Toward an automated model-based geometric method of representing function failure propagation across uncoupled systems }},
year = {2014}
}

@article{ohalloran2015,
author = {{O'Halloran}, Bryan M. and Papakonstantinou, Nikolaos and {Van Bossuyt}, Douglas L.},
doi = {10.1109/RAMS.2015.7105107},
isbn = {9781479967025},
issn = {0149144X},
journal = {Proceedings - Annual Reliability and Maintainability Symposium},
title = {{Modeling of function failure propagation across uncoupled systems}},
volume = {2015-May},
year = {2015}
}

@article{stack2015,
author = {Stack, Caitlin and {Van Bossuyt}, Douglas L},
journal = {Proceedings of the ASME 2015 International Design Engineering Technical Conference {\&} Computers and Information in Engineering Conference},
number = {August 2015},
pages = {DETC2015--46400},
title = {{Toward a Functional Failure Modeling Method of Representing Prognostic Systems During the Early Phases of Design}},
year = {2015}
}

@article{lher2016,
author = {{L'Her}, Guillaume and {Van Bossuyt}, Douglas L},
journal = {TBD},
title = {{Prognostic systems representation in a function-based Bayesian model during engineering design}},
year = {TBD}
}

@article{ohalloran2016,
author = {{O'Halloran}, Bryan M. and Papakonstantinou, Nikolaos and {Van Bossuyt}, Douglas L.},
doi = {10.1109/RAMS.2016.7448006},
journal = {Proceedings - Annual Reliability and Maintainability Symposium},
title = {{Cable routing modeling in early system design to prevent cable failure propagation events}},
volume = {2016-Jan},
year = {2016}
}

@article{saphire,
author = {Smith, Curtis and Knudsen, James and others},
journal = {Idaho National Laboratory},
title = {{SAPHIRE basics - An Introduction to Probabilistic Risk Assessment via the Systems Analysis Program for Hands-On Integrated Reliability Evaluations (SAPHIRE) Software}},
year = {2009}
}


