%% This BibTeX bibliography file was created using BibDesk.
%% http://bibdesk.sourceforge.net/

%% Saved with string encoding Unicode (UTF-8) 

@book{fermi1,
	Author = {American Nuclear Society},
	Publisher = {American Nuclear Society},
	Title = {Fermi-I: New Age for Nuclear Power},
	Year = {1979}}

@article{mschenaud01,
	Author = {M.-S. Chenaud and others},
	Journal = {Nuclear Engineering And Technology},
	Number = {6},
	Pages = {},
	Title = {Status Of The Astrid Core At The End Of The Pre-Conceptual Design Phase 1},
	Volume = {45},
	Year = {2013}}	

@article{ashley01,
	Author = {Ashley, R.L. and others},
	Journal = {Atomics International},
	Number = {},
	Pages = {},
	Title = {{SRE} Fuel Element Damage - Final Report},
	Volume = {},
	Year = {1961}}

@misc{pris01,
  title = {Power Reactor Information System - SuperPhenix},
  author = {IAEA},
  howpublished = {\url{https://www.iaea.org/PRIS/CountryStatistics/ReactorDetails.aspx?current=178}},
  note = {Accessed: 2016-09-02}
}

@book{verdier2005,
  title={{\'E}valuation de la sous-criticit{\'e} lors des op{\'e}rations de chargement d'un r{\'e}acteur nucl{\'e}aire REP},
  author={Verdier, A.},
  year={2005}
}

@article{nrc200201,
	Author = {William D. Beckner},
	Journal = {{NRC} Bulletin},
	Number = {},
	Pages = {},
	Title = {Reactor Pressure Vessel Head Degradation And Reactor Coolant Pressure Boundary Integrity},
	Volume = {},
	Year = {2002}}
	
@article{garcier01,
	Author = {Romain J. Garcier and Yves-Fran√ßois Le Lay},
	Journal = {EspacesTemps.net},
	Number = {},
	Pages = {},
	Title = {D{\'e}construire Superph{\'e}nix.},
	Volume = {},
	Year = {2015}}
	
@article{iaea01,
	Author = {\vspace{0mm}IAEA},
	Journal = {Department of Nuclear Energy, Division of Nuclear Power, Nuclear Power Technology Development Section},
	Number = {},
	Pages = {},
	Title = {STATUS OF INNOVATIVE FAST REACTOR DESIGNS AND CONCEPTS: A Supplement to the {IAEA} Advanced Reactors Information System ({ARIS})},
	Volume = {},
	Year = {2013}}
	
@article{liu2013,
author = {Liu, Hu-Chen and Liu, Long and Liu, Nan},
journal = {Expert Systems With Applications},
pages = {828--838},
title = {Risk evaluation approaches in failure mode and effects analysis: A literature review},
volume = {40},
year = {2013}
}

@article{bowles1995,
author = {Bowles, J. B. and Pelaez, C. E.},
journal = {Reliability Engineering and System Safety},
pages = {203--213},
title = {Fuzzy logic prioritization of failures in a system failure mode, effects and criticality analysis.},
volume = {50},
year = {1995}
}

@article{garcia2013,
author = {Adriano De Almada Garcia, Pauli and Curty, Ilton and Junior, Leal and Oliveira, Murilo Alvarenga},
number = {3},
journal = {Producao},
pages = {500--507},
title = {A weight restricted DEA model for FMEA risk prioritization},
volume = {23},
year = {2013}
}


