%% This BibTeX bibliography file was created using BibDesk.
%% http://bibdesk.sourceforge.net/

%% Saved with string encoding Unicode (UTF-8) 

@misc{debey01,
  title = {{USGS} Reactor Lab: Neutron Flux monitoring},
  author = {\vspace{0mm}T. Debey},
  howpublished = {Handouts},
  note = {Accessed: 2016-10-19}
}

@misc{glher01,
  title = {Radioisotope identification},
  author = {\vspace{0mm}G. L'Her},
  howpublished = {Report},
  note = {Accessed: 2016-11-07}
}
