%% This BibTeX bibliography file was created using BibDesk.
%% http://bibdesk.sourceforge.net/

%% Saved with string encoding Unicode (UTF-8) 

@misc{reactor01,
  title = {{USGS} Reactor Lab: Power Calibration},
  author = {\vspace{0mm}T. Debey},
  howpublished = {Handouts},
  note = {Accessed: 2016-09-06}
}

@misc{reactor02,
  title = {Power cal follow-up.},
  author = {Timothy Debey},
  howpublished = {E-mail},
  note = {Accessed: 2016-09-10}
}
