%% This BibTeX bibliography file was created using BibDesk.
%% http://bibdesk.sourceforge.net/


%% Created for Jos√© R. Celaya  at 2012-01-19 16:34:22 -0800 


%% Saved with string encoding Unicode (UTF-8) 

@techreport{iea_solar,
  title={SNAPSHOT OF GLOBAL PHOTOVOLTAIC MARKETS},
  author={Masson, G and Brunisholz, M.},
  year={2016},
  number = {Report IEA PVPS T1-31:2017},
  institution={International Energy Agency - Photovoltaic Power Systems Programme}
}

@article{solar_comp,
author = {Reichelstan, S. and Yorston, M.},
journal = {{Energy Policy}},
volume = {55},
pages={117 -- 127},
title = {{The Prospects for Cost Competitive Solar PV Power}},
year = {2013}
}


@article{solar_peak,
author = {Kempton, W. and Tomic, J.},
journal = {{Journal of Power Sources}},
volume = {144},
pages={280 -- 294},
title = {{Vehicle-to-grid power implementation: From stabilizing the grid to supporting large-scale renewable energy}},
year = {2005}
}


@article{wind_cf,
author = {Boccard, N.},
journal = {{Energy Policy}},
volume = {37},
pages={2679 -- 2688},
title = {{Capacity factor of wind power realized values vs. estimates}},
year = {2009}
}

@article{wind_perf,
author = {Wolsink, M.},
journal = {{Renewable Energy}},
volume = {21},
pages={49 -- 64},
title = {{Wind power and the NIMBY-myth: institutional capacity and the limited signicance of public support}},
year = {2000}
}

@book{hydro_pump,
  title={{Transition to Renewable Energy Systems, 1st edition}},
  author={Harby, A. and Sauterleute, J. and Korpas, M. and Killingtveit, A. and Solvang, E. and Nielsen, T.},
  year={2013},
  publisher={y Wiley-VCH Verlag GmbH & Co}
}

@article{hydro_small,
author = {Paish, O.},
journal = {{Renewable and Sustainable Energy Reviews}},
volume = {6},
issue = {6},
pages={537 -- 556},
title = {{Small hydro power: technology and current status}},
year = {2002}
}


