%% This BibTeX bibliography file was created using BibDesk.
%% http://bibdesk.sourceforge.net/

%% Saved with string encoding Unicode (UTF-8) 

@misc{reactor01,
  title = {{USGS} Reactor Lab: Approach to criticality},
  author = {\vspace{0mm}T. Debey},
  howpublished = {Handouts},
  note = {Accessed: 2016-09-21}
}
